<?xml version="1.0" encoding="UTF-8"?><collection xmlns="http://www.loc.gov/MARC21/slim"><record><leader>00357nam--2200133-i-4500</leader><controlfield tag="001">000045094</controlfield><controlfield tag="002">20161230</controlfield><controlfield tag="005">20161230201044</controlfield><controlfield tag="008">060222s1000------------r-----000-0-eng-d</controlfield><datafield ind1=" " ind2=" " tag="080"><subfield code="a">530.145.6:929+03.40+590</subfield></datafield><datafield ind1=" " ind2=" " tag="100"><subfield code="a">Tonnelat, M.A</subfield></datafield><datafield ind1=" " ind2=" " tag="245"><subfield code="a">Louis de broglie si mecanica ondulatorie</subfield></datafield><datafield ind1=" " ind2=" " tag="260"><subfield code="a">Bucuresti, Editura Stiintifica, 1969, 111p</subfield></datafield><datafield ind1=" " ind2=" " tag="852"><subfield code="a">48176</subfield></datafield></record></collection>